<record><leader>00000cas a22000007a 4500</leader><controlfield tag="001">15492259</controlfield><controlfield tag="008">870406d19201964wiudn ne      0    0eng d</controlfield><datafield ind1=" " ind2=" " tag="010"><subfield code="a">sn 87082420 </subfield></datafield><datafield ind1=" " ind2=" " tag="040"><subfield code="a">NPV</subfield><subfield code="b">eng</subfield><subfield code="c">NPV</subfield><subfield code="d">OCLCQ</subfield></datafield><datafield ind1=" " ind2=" " tag="042"><subfield code="a">msc</subfield></datafield><datafield ind1="0" ind2="0" tag="245"><subfield code="a">Waukesha daily freeman.</subfield></datafield><datafield ind1=" " ind2=" " tag="260"><subfield code="a">Waukesha, Wis. :</subfield><subfield code="b">Freeman Print. Co.,</subfield><subfield code="c">-1964.</subfield></datafield><datafield ind1=" " ind2=" " tag="300"><subfield code="a">v.</subfield></datafield><datafield ind1=" " ind2=" " tag="310"><subfield code="a">Daily (except Sunday)</subfield></datafield><datafield ind1="1" ind2=" " tag="362"><subfield code="a">Began with Nov. 1, 1920 issue.</subfield><subfield code="z">Cf. Oehlerts, d. E. Guide to Wis. newspapers.</subfield></datafield><datafield ind1="0" ind2=" " tag="362"><subfield code="a">-v. 43, no. 126 (Mar. 28, 1964).</subfield></datafield><datafield ind1=" " ind2=" " tag="580"><subfield code="a">Issued also in a weekly edition called: Waukesha freeman.</subfield></datafield><datafield ind1=" " ind2=" " tag="588"><subfield code="a">Description based on: Tenth year, no. 79 (Jan. 23, 1930).</subfield></datafield><datafield ind1=" " ind2=" " tag="752"><subfield code="a">United States</subfield><subfield code="b">Wisconsin</subfield><subfield code="c">Waukesha</subfield><subfield code="d">Waukesha.</subfield></datafield><datafield ind1="1" ind2=" " tag="775"><subfield code="t">Waukesha freeman (Waukesha, Wis. : Weekly)</subfield><subfield code="w">(DLC)sn 85033289</subfield></datafield><datafield ind1="0" ind2="0" tag="785"><subfield code="t">Waukesha freeman (Waukesha, Wis. : Daily)</subfield><subfield code="w">(DLC)sn 87082421</subfield></datafield></record>